<record><leader>00000cas a22000007a 4500</leader><controlfield tag="001">23010365</controlfield><controlfield tag="008">910125d19uu199unyuwr ne      0   a0eng c</controlfield><datafield ind1=" " ind2=" " tag="010"><subfield code="a">sn 91001379 </subfield></datafield><datafield ind1=" " ind2=" " tag="040"><subfield code="a">NSD</subfield><subfield code="b">eng</subfield><subfield code="c">NSD</subfield><subfield code="d">OCLCQ</subfield></datafield><datafield ind1=" " ind2=" " tag="012"><subfield code="j">0</subfield><subfield code="m">d</subfield></datafield><datafield ind1="1" ind2=" " tag="022"><subfield code="a">1054-9064</subfield><subfield code="l">1054-9064</subfield><subfield code="y">1040-8525</subfield><subfield code="2">1</subfield></datafield><datafield ind1=" " ind2=" " tag="037"><subfield code="b">Lee Publications, Inc., P.O. Box 121, Grand St., Palatine Bridge, NY 13428</subfield></datafield><datafield ind1=" " ind2=" " tag="042"><subfield code="a">nsdp</subfield><subfield code="a">pcc</subfield></datafield><datafield ind1=" " ind2="0" tag="222"><subfield code="a">Country folks of Pennsylvania</subfield></datafield><datafield ind1="0" ind2="0" tag="245"><subfield code="a">Country folks of Pennsylvania.</subfield></datafield><datafield ind1=" " ind2=" " tag="260"><subfield code="a">Palatine Bridge, N.Y. :</subfield><subfield code="b">Lee Publications</subfield></datafield><datafield ind1=" " ind2=" " tag="300"><subfield code="a">v.</subfield></datafield><datafield ind1=" " ind2=" " tag="310"><subfield code="a">Weekly</subfield></datafield><datafield ind1=" " ind2=" " tag="588"><subfield code="a">Description based on: Vol. 45, no. 12 (Monday, Jan. 7, 1991).</subfield></datafield><datafield ind1=" " ind2=" " tag="752"><subfield code="a">United States</subfield><subfield code="b">New York</subfield><subfield code="c">Montgomery</subfield><subfield code="d">Palatine Bridge.</subfield></datafield><datafield ind1="0" ind2="0" tag="780"><subfield code="t">Farm &amp; home news (Palatine Bridge, N.Y.)</subfield><subfield code="x">1040-8525</subfield><subfield code="w">(DLC)sn 88008660</subfield></datafield><datafield ind1="0" ind2="0" tag="785"><subfield code="t">Country folks (Palatine Bridge, N.Y. : 1998)</subfield><subfield code="x">1099-0658</subfield><subfield code="w">(DLC)sn 98002153</subfield></datafield></record>